<record><leader>00000cas a22000007a 4500</leader><controlfield tag="001">37007704</controlfield><controlfield tag="008">970603d19111911okuwr n       0    0eng d</controlfield><datafield ind1=" " ind2=" " tag="010"><subfield code="a">sn 97064911 </subfield></datafield><datafield ind1=" " ind2=" " tag="040"><subfield code="a">OBN</subfield><subfield code="b">eng</subfield><subfield code="c">OBN</subfield><subfield code="d">OCLCQ</subfield><subfield code="d">OCLCF</subfield><subfield code="d">OCLCO</subfield></datafield><datafield ind1="1" ind2=" " tag="029"><subfield code="a">AU@</subfield><subfield code="b">000013283144</subfield></datafield><datafield ind1=" " ind2=" " tag="042"><subfield code="a">msc</subfield></datafield><datafield ind1=" " ind2=" " tag="043"><subfield code="a">n-us-ok</subfield></datafield><datafield ind1="0" ind2="4" tag="245"><subfield code="a">The Washington County sentinel the Bartlesville weekly enterprise and Dewey sentinel.</subfield></datafield><datafield ind1="3" ind2=" " tag="246"><subfield code="a">Washington County sentinel and the weekly enterprise</subfield></datafield><datafield ind1="3" ind2=" " tag="246"><subfield code="a">Washington County sentinel</subfield></datafield><datafield ind1=" " ind2=" " tag="260"><subfield code="a">Bartlesville, Okla. :</subfield><subfield code="b">Bartlesville Pub. Co.</subfield></datafield><datafield ind1=" " ind2=" " tag="300"><subfield code="a">v.</subfield></datafield><datafield ind1=" " ind2=" " tag="310"><subfield code="a">Weekly</subfield></datafield><datafield ind1="0" ind2=" " tag="362"><subfield code="a">Vol. 7, no. 44 (Dec. 15, 1911)-v. 7, no. 45 (Dec. 22, 1911).</subfield></datafield><datafield ind1=" " ind2="0" tag="651"><subfield code="a">Bartlesville (Okla.)</subfield><subfield code="v">Newspapers.</subfield></datafield><datafield ind1=" " ind2="0" tag="651"><subfield code="a">Washington County (Okla.)</subfield><subfield code="v">Newspapers.</subfield></datafield><datafield ind1=" " ind2="7" tag="655"><subfield code="a">Newspapers.</subfield><subfield code="2">fast</subfield><subfield code="0">(OCoLC)fst01423814</subfield></datafield><datafield ind1=" " ind2="7" tag="651"><subfield code="a">Oklahoma</subfield><subfield code="z">Bartlesville.</subfield><subfield code="2">fast</subfield><subfield code="0">(OCoLC)fst01221558</subfield></datafield><datafield ind1=" " ind2="7" tag="651"><subfield code="a">Oklahoma</subfield><subfield code="z">Washington County.</subfield><subfield code="2">fast</subfield><subfield code="0">(OCoLC)fst01223288</subfield></datafield><datafield ind1=" " ind2=" " tag="752"><subfield code="a">United States</subfield><subfield code="b">Oklahoma</subfield><subfield code="c">Washington</subfield><subfield code="d">Bartlesville.</subfield></datafield><datafield ind1="0" ind2=" " tag="775"><subfield code="t">Bartlesville daily enterprise</subfield><subfield code="w">(DLC)sn 86063906</subfield><subfield code="w">(OCoLC)13686041</subfield></datafield><datafield ind1="0" ind2="4" tag="780"><subfield code="t">Bartlesville enterprise (Weekly : 1904)</subfield><subfield code="w">(DLC)sn 86064484</subfield><subfield code="w">(OCoLC)11388922</subfield></datafield><datafield ind1="0" ind2="0" tag="785"><subfield code="t">Washington County sentinel and the weekly enterprise (Bartlesville, Okla.)</subfield><subfield code="w">(DLC)sn 97064912</subfield><subfield code="w">(OCoLC)3700775</subfield></datafield></record>